@book{,
title={{}},
publisher={},
author={},
address={},
year={}
}
@misc{,
author = {},
title = {{}},
howpublished = {Mimeo, Massachusetts Institute of Technology},
year = {}
}

@incollection{,
author = {},
editor = {},
title = {{}},
booktitle = {},
publisher={},
address = {},
year = {}
}

@misc{,
author = {},
title = {{}},
howpublished = {Mimeo, Stanford University},
year = {}
}


@article{,
author = {},
journal = {},
title = {{}},
volume = {},
number = {},
pages = {},
year = {}
}

@article{,
journal = {},
title = {{}},
volume = {},
number = {},
pages = {},
year = {}
}


@MISC{Bilinski2018-eh,
  title         = "Nothing to See Here? {Non-Inferiority} Approaches to
                   Parallel Trends and Other Model Assumptions",
  author        = "Bilinski, Alyssa and Hatfield, Laura A",
  month         =  may,
  year          =  2018,
  archivePrefix = "arXiv",
  primaryClass  = "stat.ME",
  eprint        = "1805.03273",
  howpublished = "Working Paper, Available at: \url{https://arxiv.org/abs/1805.03273}"
}


@MISC{Dette2020-hg,
  title        = "{Difference-in-Differences} Estimation under {Non-Parallel}
                  Trends",
  author       = "Dette, Holger and Schumann, Martin",
  howpublished = "Working Paper, Available at: \url{https://www.ruhr-uni-bochum.de/imperia/md/content/mathematik3/publications/dette_schumann2020.pdf}",
  year = 2020
}


@MISC{Wang2021-xo,
  title        = "Causal Inference under Temporal and Spatial Interference",
  author       = "Wang, Ye",
  howpublished = "Working Paper, Available at: \url{https://arxiv.org/abs/2106.15074}",
  year = 2021
}

@misc{Xu2022-hw,
  title    = "Causal Inference with {Time-Series} {Cross-Sectional} Data: A Reflection",
  author   = "Xu, Yiqing",
  month    =  jan,
  year     =  2022,
  howpublished = "Working Paper, Available at: \url{https://papers.ssrn.com/abstract=3979613}"
}


@ARTICLE{Payson2020-uq,
  title     = "Cities in the Statehouse: How Local Governments Use Lobbyists to
               Secure State Funding",
  author    = "Payson, Julia A",
  journal   = "The Journal of Politics",
  publisher = "The University of Chicago Press",
  volume    =  82,
  number    =  2,
  pages     = "403--417",
  month     =  apr,
  year      =  2020
}

@article{kunzel2019metalearners,
  title={Meta learners for Estimating Heterogeneous Treatment Effects using Machine Learning},
  author={K{\"u}nzel, S{\"o}ren R and Sekhon, Jasjeet S and Bickel, Peter J and Yu, Bin},
  journal={Proceedings of the National Academy of Sciences},
  volume={116},
  number={10},
  pages={4156--4165},
  year={2019},
  publisher={National Acad Sciences}
}

@article{lin2013agnostic,
  title={Agnostic Notes on Regression Adjustments to Experimental Data: Reexamining Freedman’s Critique},
  author={Lin, Winston},
  journal={Annals of Applied Statistics},
  volume={7},
  number={1},
  pages={295--318},
  year={2013},
  publisher={Institute of Mathematical Statistics}
}


@ARTICLE{FM2015-yy,
  title   = "English Bacon: Copartisan Bias in Intergovernmental Grant
             Allocation in England",
  author  = "Fouirnaies, Alexander and Mutlu-Eren, Hande",
  journal = "The Journal of Politics",
  volume  =  77,
  number  =  3,
  pages   = "805--817",
  month   =  jul,
  year    =  2015
}


@ARTICLE{XuYao2015,
  title     = "Informal Institutions, Collective Action, and Public Investment
               in Rural China",
  author    = "Xu, Yiqing and Yao, Yang",
  journal   = "American Political Science Review",
  volume    =  109,
  number    =  2,
  pages     = "371--391",
  year      =  2015
}


@article{kline2011oaxaca,
  title={Oaxaca-Blinder as a Reweighting Estimator},
  author={Kline, Patrick},
  journal={American Economic Review},
  volume={101},
  number={3},
  pages={532--37},
  year={2011}
}

@misc{borusyak2020revisiting,
  title={Revisiting Event Study Designs: Robust and Efficient Estimation},
  author={Borusyak, Kirill and Jaravel, Xavier and Spiess, Jann},
  year={2021},
  howpublished = "UCL Working Paper, Available at: \url{https://bit.ly/3dWDOUf}"
}

@misc{gardnertwo,
  title={Two-stage Differences in Differences},
  author={Gardner, John},
  howpublished = "Boston College Working Paper, Available at: \url{https://bit.ly/3AF32Af}",
  year = {2021}
}

@article{heckman1997matching,
  title={Matching as an Econometric Evaluation Estimator: Evidence from Evaluating a Job Training Programme},
  author={Heckman, James J and Ichimura, Hidehiko and Todd, Petra E},
  journal={The Review of Economic Studies},
  volume={64},
  number={4},
  pages={605--654},
  year={1997},
  publisher={Wiley-Blackwell}
}

@article{heckman1998matching,
  title={Matching as an Econometric Evaluation Estimator},
  author={Heckman, James J and Ichimura, Hidehiko and Todd, Petra},
  journal={The Review of Economic Studies},
  volume={65},
  number={2},
  pages={261--294},
  year={1998},
  publisher={Wiley-Blackwell}
}

@article{sun2020estimating,
  title={Estimating dynamic treatment effects in event studies with heterogeneous treatment effects},
  author={Sun, Liyang and Abraham, Sarah},
  journal={Journal of Econometrics},
  volume={225},
  number={2},
  pages={175--199},
  year={2021},
}

@article{callaway2020difference,
  title={Difference-in-differences with multiple time periods},
  author={Callaway, Brantly and Sant’Anna, Pedro HC},
  journal={Journal of Econometrics},
  volume={225},
  number={2},
  pages={200--230},
  year={2021},
  publisher={Elsevier}
}

@article{borusyak2017revisiting,
  title={Revisiting Event Study Designs},
  author={Borusyak, Kirill and Jaravel, Xavier},
  journal={Available at SSRN 2826228: \url{https://papers.ssrn.com/sol3/papers.cfm?abstract_id=2826228}},
  year={2017}
}

@article{FHS-lk2019,
  title={Pre-Event Trends in the Panel Event-Study Design},
  author={Freyaldenhoven, Simon and Hansen, Christian and Shapiro, Jesse M},
  journal={American Economic Review},
  volume={109},
  number={9},
  pages={3307--38},
  year={2019}
}

@article{Hartman2020-jb,
  title={Equivalence Testing for Regression Discontinuity Designs},
  author={Hartman, Erin},
  journal={Political Analysis},
  volume = {29},
  number={4},
  pages={505--21},
  year={2021}
}


@MISC{Roth2020,
  title  = "Pre-test with Caution: Event-study Estimates After Testing for
            Parallel Trends",
  author = "Roth, Jonathan",
  howpublished = "Working Paper, Available at: \url{https://bit.ly/3jTRpQb}",
  year = {2020}
}


@inproceedings{Chen2019-qb,
  title={Mastering Panel Metrics: Causal Impact of Democracy on Growth},
  author={Chen, Shuowen and Chernozhukov, Victor and Fern{\'a}ndez-Val, Iv{\'a}n},
  booktitle={AEA Papers and Proceedings},
  volume={109},
  pages={77--82},
  year={2019}
}



@article{Egami2020,
  title={Using Multiple Pre-treatment Periods to Improve Difference-in-Differences and Staggered Adoption Design},
  author={Egami, Naoki and Yamauchi, Soichiro},
  journal={Political Analysis},
  number = {forthcoming},
  year={2022}
}

%, and . "."

@article{rubin1976inference,
  Author = {Rubin, Donald B},
  Journal = {Biometrika},
  Number = {3},
  Pages = {581--592},
  Publisher = {Oxford University Press},
  Title = {Inference and missing data},
  Volume = {63},
  Year = {1976}}

@ARTICLE{Ho2007-yn,
  title     = "Matching as Nonparametric Preprocessing for Reducing Model
               Dependence in Parametric Causal Inference",
  author    = "Ho, Daniel E and Imai, Kosuke and King, Gary and Stuart,
               Elizabeth A",
  journal   = "Political Analysis",
  publisher = "Cambridge University Press",
  volume    =  15,
  number    =  3,
  pages     = "199--236",
  year      =  2007
}

@article{Goodman-Bacon2018,
  title={Difference-in-differences with variation in treatment timing},
  author={Goodman-Bacon, Andrew},
  journal={Journal of Econometrics},
  volume={225},
  number={2},
  pages={254--277},
  year={2021},
  publisher={Elsevier}
}

@article{BaiNg2020,
  title={Matrix Completion, Counterfactuals, and Factor Analysis of Missing Data},
  author={Bai, Jushan and Ng, Serena},
  journal={Journal of the American Statistical Association},
  volume={116},
  number={536},
  pages={1746--63},
  year={2021}
}



@article{BFR2019,
  title={The augmented synthetic control method},
  author={Ben-Michael, Eli and Feller, Avi and Rothstein, Jesse},
  journal={Journal of the American Statistical Association},
  volume={116},
  number={536},
  pages={1789--1803},
  year={2021},
  publisher={Taylor \& Francis}
}

@article{cameron2015,
author = {Cameron, A. Colin and Miller, Douglas L.},
journal = {Journal of Human Resources},
title = {A Practitioner’s Guide to Cluster-Robust Inference},
volume = {50},
number = {2},
pages = {317--372},
year = {2015}
}

@MISC{Arkhangelsky2019-lz,
  title={Synthetic Difference in Differences},
  author={Arkhangelsky, Dmitry and Athey, Susan and Hirshberg, David A and Imbens, Guido W and Wager, Stefan},
  year={2019},
  howpublished = "NBER Working Paper, Available at: \url{https://www.nber.org/papers/w25532}"
}

@ARTICLE{de_Chaisemartin2018-iw,
   title={Two-Way Fixed Effects Estimators with Heterogeneous Treatment Effects},
  author={de Chaisemartin, Cl{\'e}ment and d'Haultfoeuille, Xavier},
  journal={American Economic Review},
  volume={110},
  number={9},
  pages={2964--96},
  year={2020}
}
 
@article{miller1974,
author = {Miller, Rupert G.},
journal = {Biometrika},
title = {The Jackknife---A Review},
volume = {61},
number = {1},
pages = {1--15},
year = {1974}
}



@article{efron1981,
author = {Efron, Bradley and Stein, Charles},
journal = {The Annals of Statistics},
title = {The Jackknife Estimate of Variance},
volume = {9},
number = {3},
pages = {586–-596},
year = {1981}
}

@article{DingLi2019,
  title={A Bracketing Relationship between Difference-in-Differences and Lagged-Dependent-Variable Adjustment},
  author={Ding, Peng and Li, Fan},
  journal={Political Analysis},
  volume={27},
  number={4},
  pages={605--615},
  year={2019},
  publisher={Cambridge University Press}
}


@ARTICLE{AtheyImbens2006,
  title    = "Identification and Inference in Nonlinear
              {Difference-in-Differences} Models",
  author   = "Athey, Susan and Imbens, Guido W",
  journal  = "Econometrica",
  volume   =  74,
  number   =  2,
  pages    = "431--497",
  month    =  mar,
  year     =  2006
}


@article{weiens2001,
author = {Wiens, Brian L.},
journal = {Controlled Clinical Trials},
title = {{Choosing an Equivalence Limit for Noninferiority or Equivalence Studies}},
volume = {23},
pages = {2-14},
year = {2001}
}


@misc{campbell2018,
  title={What to Make of Non-Inferiority and Equivalence Testing with a Post-Specified Margin?},
  author={Campbell, Harlan and Gustafson, Paul},
  howpublished={arXiv preprint arXiv:1807.03413},
  year={2018}
}


@article{troeger2019pa,
author = {Plümper, Thomas and Troeger, Vera E. },
journal = {Political Analysis},
title = {{Not so Harmless After All: The Fixed-Effects Model}},
volume = {27},
number = {1},
pages = {21-45},
year = {2019}
}

@article{beck_katz2011,
author = {Beck, Nathaniel and Katz, Jonathan, N.},
journal = {Annual Review of Political Science},
title = {{Modeling Dynamics in Time-Series-Cross-Section Political Economy Data}},
volume = {14},
pages = {331--352},
year = {2011}
}

@article{nickell1981,
author = {Nickell, Stephen},
journal = {Econometrica},
title = {{Biases in Dynamic Models with Fixed Effects}},
volume = {49},
number = {6},
pages = {1417--1426},
year = {1981}
}

@article{imai2018matching,
  title={Matching Methods for Causal Inference with Time-Series Cross-Sectional Data},
  author={Imai, Kosuke and Kim, In Song and Wang, Erik H},
  year={2021},
  journal={American Journal of Political Science},
  url = {https://onlinelibrary.wiley.com/doi/abs/10.1111/ajps.12685}
}


@article{hazlettxu2018,
  Title  = {Trajectory Balancing: A General Reweighting Approach to Causal Inference with Time-Series Cross-Sectional Data},
  Author  = {Hazlett, Chad and Xu, Yiqing},
  howpublished = "Working Paper, Available at SSRN: \url{https://papers.ssrn.com/abstract=3214231}",
  Year = {2018}
}

@Misc{strezhnev2018,
  Title  = {{Semiparametric Weighting Estimators for Multi-Period Difference-in-Differences Designs}},
  Author  = {Strezhnev, Anton},
  HowPublished = "Harvard University Working Paper, Available at: \url{https://bit.ly/36kUJM6}",
  Year = {2018}
}

@article{howmuch2004,
author = {Bertrand, Marianne and Duflo, Ester and Mullainathan, Sendhil},
journal = {The Quarterly Jounral of Economics},
volume = {119},
number = {1},
pages = {249--275},
title = {{How Much Should We Trust Difference-in-Differences Estimates}},
year = {2004}
}

@misc{xu2016data,
author = {Xu, Yiqing},
title = {{Replication Data for: Generalized Synthetic Control Method: Causal Inference with Interactive Fixed Effects Models}},
howpublished = {doi:10.7910/DVN/8AKACJ, Harvard Dataverse.},
year = {2016}
}


@ARTICLE{Feng2020-ex,
  title         = "Causal Inference in Possibly Nonlinear Factor Models",
  author        = "Feng, Yingjie",
  month         =  aug,
  year          =  2020,
  journal={arXiv preprint arXiv:2008.13651},
  url = "https://arxiv.org/abs/2008.13651"
}


@book{AngristPischke2009,
title={{Mostly Harmless Econometrics: An Empiricist's Companion}},
publisher={Princeton University Press},
author={Angrist, Josh D. and Pischke, J\"{o}rn-Steffen},
address={},
year={2009}
}

@MISC{arkhangelsky2021double,
  title={Double-Robust Identification for Causal Panel Data Models},
  author={Arkhangelsky, Dmitry and Imbens, Guido W},
  year={2021},
  howpublished = "NBER Working Paper, Available at: \url{https://www.nber.org/papers/w28364}"
}

%%%%%%%%%%%%%%%% PO framework %%%%%%%%%%%%%%

@article{Neyman1923,
author = {Neyman, Jerzy},
journal = {Statistical Science},
volume= {5},
pages = {465-80},
title = {{On the Application of Probability Theory to Agricultural Experiments: Essay on Principles}},
note = {Section 9 (translated in 1990)},
year = {1923}
}

@article{Rubin1974,
author = {Rubin, Donald B.},
journal = {Journal of Educational Psychology},
number = {66},
pages = {688-701},
title = {{Estimating Causal Effects of Treatments in Randomized and Nonrandomized Studies}},
volume = {5},
year = {1974}
}

@article{Holland1986,
author = {Holland, Paul W.},
journal = {Journal of American Statistical Association},
number = {8},
pages = {945--960},
title = {Statistics and Causal Inference},
volume = {81},
number = {396},
year = {1986}
}
%%%%%%%%%%%%%%%% TSCS %%%%%%%%%%%%%%
@article{ADH2010,
author = {Abadie, Alberto and Diamond, Alexis and Hainmueller, Jens},
journal = {Journal of the American Statistical Association},
number = {490},
pages = {493--505},
title = {{Synthetic Control Methods for Comparative Case Studies: Estimating the Effect of California's Tobacco Control Program}},
volume = {105},
year = {2010}
}

@article{ADH2014,
author = {Abadie, Alberto and Diamond, Alexis and Hainmueller, Jens},
title = {{Comparative Politics and the Synthetic Control Method}},
journal = {American Journal of Political Science},
volume = {59},
number = {2},
pages = {495--510},
year = {2015}
}

@article{Abadie2005,
author = {Abadie, Alberto},
journal = {The Review of Economic Studies},
pages = {1--19},
title = {{Semiparametric Difference-in-Differences Estimators}},
volume = {72},
number = {1},
year = {2005}
}

@article{AG2003,
author = {Abadie, Alberto and Gardeazabal, Javier},
journal = {American Economic Review},
number = {1},
pages = {113--132},
title = {{The Economic Costs of Conflict: A Case Study of the Basque Country}},
volume = {93},
year = {2003}
}


@article{ADRZ2013,
  title={Credible Research Designs for Minimum Wage Studies: A Response to Neumark, Salas, and Wascher},
  author={Allegretto, Sylvia and Dube, Arindrajit and Reich, Michael and Zipperer, Ben},
  journal={ILR Review},
  volume={70},
  number={3},
  pages={559--592},
  year={2017},
  publisher={SAGE Publications Sage CA: Los Angeles, CA}
}

@article{AJKKM2013,
author = {Acemoglu, Daron and Johnson, Simon and Kermani, Amir and Kwak, James and Mitton, Todd},
journal = {Journal of Financial Economics},
title = {{The Value of Connections in Turbulent Times: Evidence from the United States}},
volume = {121},
number = {2},
pages = {368--391},
year = {2016}
}

@article{ANRR2019,
author = {Acemoglu, Daron and Naidu, Suresh and Restrepo, Pascual and Robinson, James A.},
journal = {Journal of Political Economy},
title = {{Democracy Does Cause Growth}},
volume = {121},
number = {1},
pages = {47--100},
year = {2019}
}


@article{Angrist_semiparametric_2013,
  title={Semiparametric Estimates of Monetary Policy Effects: String Theory Revisited},
  author={Angrist, Joshua D and Jord{\`a}, {\`O}scar and Kuersteiner, Guido M},
  journal={Journal of Business \& Economic Statistics},
  volume={36},
  number={3},
  pages={371--387},
  year={2018},
  publisher={Taylor \& Francis}
}

@article{Bai2003,
author = {Bai, Jushan},
journal = {Econometrica},
title = {{Theory for Factor Models of Large Dimensions}},
pages = {135-137},
volume = {71},
Number = {1},
year = {2003}
}
@article{beck_katz_1995,
author = {Beck, Nathaniel and Katz, Jonathan N.},
journal = {American Political Science Review},
volume = {89},
number = {3},
pages = {634--647},
title = {{What to Do (and Not to Do) with Time-Series Cross-Section Data}},
year = {1995}
}

@article{BaiNg2002,
author = {Bai, Jushan and Ng, Serena},
journal = {Econometrica},
title = {{Determining the Number of Factors in Approximate Factor Models}},
year = {2003},
pages = {191-221},
volume = {70},
number = {1},
year = {2002}
}

@article{Bai2009,
author = {Bai, Jushan},
journal = {Econometrica},
title = {{Panel Data Models with Interactive Fixed Effects}},
pages = {1229--1279},
volume = {77},
year = {2009}
}

@misc{Dube_pooling_2015,
	title = {Pooling {Multiple} {Case} {Studies} {Using} {Synthetic} {Controls}: {An} {Application} to {Minimum} {Wage} {Policies}},
	author = {Dube, Arindrajit and Zipperer, Ben},
	year = {2015},
	url = {https://bit.ly/2Vaxa6e},
	howpublished = {IZA Discussion Paper No. 8944}
}

@article{Gaibulloev_dynamic_2014,
	title = {Dynamic {Panel} {Analysis} under {Cross}-{Sectional} {Dependence}},
	volume = {22},
	number = {2},
	journal = {Political Analysis},
	author = {Gaibulloev, Khusrav and Sandler, Todd and Sul, Donggyu},
	month = apr,
	year = {2014},
	pages = {258--273},
}

@article{GobillonMagnac2016,
author = {Gobillon, Laurent and Magnac, Thierry},
title = {{Regional Policy Evaluation: Interactive Fixed Effects and Synthetic Controls}},
journal = {The Review of Economics and Statistics},
volume = {98},
number = {3},
year = {2016},
pages = {535--551}
}

@article{Hsiao_panel_2012,
	title = {A {Panel} {Data} {Approach} for {Program} {Evaluation}: {Measuring} the {Benefits} of {Political} and {Economic} {Integration} of {Hong} {Kong} with {Mainland} {China}},
	volume = {27},
	number = {5},
	journal = {Journal of Applied Econometrics},
	author = {Hsiao, Cheng and Ching, Steve H. and Wan, Shui Ki},
	month = aug,
	year = {2012},
	pages = {705--740},
}

@article{Kim_divorce_2014,
	title = {Divorce {Law} {Reforms} and {Divorce} {Rates} in the {USA}: {An} {Interactive} {Fixed}-{Effects} {Approach}},
	volume = {29},
	number = {2},
	journal = {Journal of Applied Econometrics},
	author = {Kim, Dukpa and Oka, Tatsushi},
	month = mar,
	year = {2014},
	pages = {231--245},
	file = {divorce law.pdf:C\:\\Zotero\\storage\\GDA7TMRB\\divorce law.pdf:application/pdf}
}

@misc{MoraReggio2012,
author = {Mora, Ricardo and Reggio, Ilina},
title = {{Treatment Effect Identification Using Alternative Parallel Assumptions}},
howpublished = {Mimeo, Universidad Carlos III de Madrid},
url = {https://bit.ly/3yxnReZ},
year = {2012}
}

@article{IKP2011,
author = {Iacus, Stefano M. and King, Gary and Porro, Giuseppe},
issn = {1047-1987},
journal = {Political Analysis},
month = aug,
number = {1},
pages = {1--24},
title = {{Causal Inference without Balance Checking: Coarsened Exact Matching}},
volume = {20},
year = {2011}
}

@article{ImaiKim2019,
author = {Imai, Kosuke and Kim, In Song},
title = {{When Should We Use Linear Fixed Effects Regression Models for Causal Inference with Longitudinal Data}},
journal = {American Journal of Political Science},
volume = {63},
number = {2},
year = {2019},
pages = {467-490}
}

@article{Imbens2004,
author={Imbens, Guido W},
journal = {Review of Economics and Statistics},
number = {February},
pages = {4--29},
title = {{Nonparametric Estimation of Average Treatment Effects under Exogeneity: A Review}},
volume = {86},
year = {2004}
}

@article{KhwajaMian2005,
author = {Khwaja, Asim Ijaz and Mian, Atif},
journal = {The Quarterly Journal of Economics},
number = {4},
pages = {1371--1411},
title = {{Do Lenders Favor Politically Connected Firms? Rent Provision in an Emerging Financial Market}},
volume = {120},
year = {2005}
}

@article{Kline2011,
author={Kline, Patrick},
journal = {American Economic Review},
number = {3},
pages = {532--537},
title = {{Oaxaca-Blinder as a Reweighting Estimator}},
volume = {101},
year = {2011}
}

@article{Pang2014,
author = {Pang, Xun},
journal = {Political Analysis},
volume = {22},
number = {4},
pages = {464-496},
title = {{Varying Responses to Common Shocks and Complex Cross-Sectional Dependence: Dynamic Multilevel Modeling with Multifactor Error Structures for Time-Series Cross-Sectional Data}},
year = {2014}
}

@article{Pang2010,
author = {Pang, Xun},
journal = {Political Analysis},
volumne = {18},
number = {4},
pages = {470-498},
title = {{Modeling Heterogeneity and Serial Correlation in Binary Time-Series Cross-sectional Data: A Bayesian Multilevel Model with AR(p) Errors}},
year = {2010}
}

@article{MoonWeidner2013,
  title={Dynamic Linear Panel Regression Models with Interactive Fixed Effects},
  author={Moon, Hyungsik Roger and Weidner, Martin},
  journal={Econometric Theory},
  volume={33},
  number={1},
  pages={158--195},
  year={2017},
  publisher={Cambridge University Press}
}


@article{stewart_latent_2014,
  title={Latent factor regressions for the social sciences},
  author={Stewart, Brandon},
  journal={Harvard University: Department of Government Job Market Paper},
  year={2014},
  url = {https://bit.ly/3jUR2VA},
  publisher={Citeseer}
}


@article{Brodersen_inferring_2014,
title = {Inferring Causal Impact Using Bayesian Structural Time-series Models},
author  = {Kay H. Brodersen and Fabian Gallusser and Jim Koehler and Nicolas Remy and Steven L. Scott},
year  = 2014,
volume = {9},
number = {1},
pages = {247--274},
journal = {Annals of Applied Statistics}
}

@article{blackwell2018make,
  title={How to Make Causal Inferences with Time-Series Cross-Sectional Data under Selection on Observables},
  author={Blackwell, Matthew and Glynn, Adam N},
  journal={The American Political Science Review},
  volume={112},
  number={4},
  pages={1067--1082},
  year={2018},
  publisher={Cambridge University Press}
}

@article{Imai2021-mk,
  title={On the Use of Two-Way Fixed Effects Regression Models for Causal Inference with Panel Data},
  author={Imai, Kosuke and Kim, In Song},
  journal={Political Analysis},
  volume={29},
  number={3},
  pages={405--415},
  year={2021},
  publisher={Cambridge University Press}
}


%%%%%%%%%%%%%%%%%%%%%%%% Inference %%%%%%%%%%%%%%
@book{Efron1993,
title={{An Introduction to the Bootstrap}},
publisher={Chapman \& Halll},
author={Efron, Brad and Tibshirani, Rob},
address={New York, NY},
year={1993}
}


@article{King2000,
author = {King, Gary and Tomz,  Michael and Wittenberg, Jason},
journal = {American Journal of Political Science},
volume = {44},
number = {2},
pages = {347--361},
title = {{Making the Most of Statistical Analyses: Improving Interpretation and Presentation}},
year = {2000}
}

@article{Efron2012,
title={{The Estimation of Prediction Error}},
journal={Journal of the American Statistical Association},
author={Efron, Brad},
volume = {99},
number = {467},
pages = {619--632},
year={2012}
}

@book{Mammen1992,
title={{When Does Bootstrap Work? Asymptotic Results and Simulations}},
publisher={Springer},
author={Mammen, Enno},
address={New York, NY},
year={1992}
}

@book{BeranDucharme1991,
title={{Asymptotic Theory for Bootstrap Methods in Statistics}},
publisher={Les Publications CRM, Centre de recherches math\'ematiques, Universit\'e de Montr\'eal},
author={Beran, Rudolf and Ducharme, Gilles R.},
address={Montr\'eal, Canada},
year=1991
}

%%%%%%%%%%%%%%%%%%%%%%%%%%%%% EDR on Turnout %%%%%%%%%%%%%%%%%%%%%%%%%%%%%%%%%%%%%%%


@article{GlynnQuinn2011,
author={Glynn, Adam N and Quinn, Kevin M},
journal = {Political Analysis},
number = {19},
pages = {273--286},
title = {{Why Process Matters for Causal Inference}},
year = {2011}
}

@misc{AAW2002,
author = {Alvarez, R. Michael and Ansolabehere, Stephen and Wilson, Catherine H.},
title = {{Election Day Voter Registration in the United States: How One-step Voting Can Change the Composition of the American Electorate}},
howpublished = {Working Paper, Caltech/MIT Voting Technology Project},
url={https://vote.caltech.edu/working-papers/5},
year = 2002
}


@book{LeighleyNagler2013,
title={{Who Votes Now? Demographics, Issues, Inequality, and Turnout in the United States}},
publisher={Princeton University Press},
author={Leighley, Jan E. and Nagler, Jonathan},
address={Princeton, New Jersey},
year={2013}
}

@book{wolfinger_who_1980,
	address = {New Haven, CT},
	title = {Who {Votes}?},
	publisher = {Yale University Press},
	author = {Wolfinger, Raymond E. and Rosenstone, Steven J.},
	year = {1980}
}

@article{timpone_estimating_2002,
	title = {Estimating {Aggregate} {Policy} {Reform} {Effects}: {New} {Baselines} for {Registration}, {Participation}, and {Representation}},
	volume = {10},
	number = {2},
	journal = {Political Analysis},
	author = {Timpone, Richard J.},
	pages = {154--177},
	year={2002}
}

@article{timpone_structure_1998,
	title = {Structure, {Behavior}, and {Voter} {Turnout} in the {United} {States}},
	volume = {92},
	number = {1},
	urldate = {2015-03-07},
	journal = {The American Political Science Review},
	author = {Timpone, Richard J.},
	month = mar,
	year = {1998},
	pages = {145}
}

@book{teixeira_disappearing_2011,
	title = {The {Disappearing} {American} {Voter}},
	publisher = {Brookings Institution Press},
	author={Teixeira, Ruy A},
	month = oct,
	year = {2011}
}

@book{springer_how_2014,
	title = {How the {States} {Shaped} the {Nation}: {American} {Electoral} {Institutions} and {Voter} {Turnout}, 1920-2000},
	urldate = {2015-03-03},
	publisher = {University of Chicago Press},
	author = {Springer, Melanie Jean},
	year = {2014}
}

@article{rhine_analysis_1992,
	title = {An {Analysis} of the {Impact} of {Registration} {Factors} on {Turnout} in 1992},
	volume = {18},
	number = {2},
	journal = {Political Behavior},
	author = {Rhine, Staci L.},
	year = {1992},
	pages = {171--185}
}

@article{neiheisel_impact_2012,
	title = {The {Impact} of {Election} {Day} {Registration} on {Voter} {Turnout} and {Election} {Outcomes}},
	volume = {40},
	number = {4},
	urldate = {2015-03-03},
	journal = {American Politics Research},
	author={Neiheisel, Jacob R and Burden, Barry C},
	month = jul,
	year = {2012},
	pages = {636--664}
}

@article{mitchell_impact_1995,
	title = {The {Impact} of {Legal} {Constraints} on {Voter} {Registration}, {Turnout}, and the {Composition} of the {American} {Electorate}},
	volume = {17},
	number = {2},
	journal = {Political Behavior},
	author = {Mitchell, Glenn E. and Wlezien, Christopher},
	year = {1995},
	pages = {179--202}
}

@article{knack_election-day_2001,
	title = {Election-day Registration: The Second Wave},
	volume = {29},
	number = {1},
	urldate = {2015-03-03},
	journal = {American Politics Research},
	author = {Knack, Stephen},
	year = {2001},
	pages = {65--78}
}

@article{knack_election-day_2000,
	title = {Election-day {Registration} and {Turnout} {Inequality}},
	volume = {22},
	number = {1},
	urldate = {2015-03-03},
	journal = {Political Behavior},
	author = {Knack, Stephen and White, James},
	year = {2000},
	pages = {29--44}
}

@article{king_impact_1995,
	title = {Impact of {Election} {Day} {Registration} on {Voter} {Turnout}: {A} {Quasi}-experimental {Analysis}},
	volume = {14},
	number = {3},
	journal = {Policy Studies Review},
	author = {King, James D. and Wambeam, Rodney A.},
	year = {1995},
	pages = {263--278}
}

@article{keele_how_2013,
	title = {How {Much} {Is} {Minnesota} {Like} {Wisconsin}? {Assumptions} and {Counterfactuals} in {Causal} {Inference} with {Observational} {Data}},
	volume = {21},
	issn = {1047-1987, 1476-4989},
	shorttitle = {How {Much} {Is} {Minnesota} {Like} {Wisconsin}?},
	number = {2},
	urldate = {2015-03-03},
	journal = {Political Analysis},
	author={Keele, Luke and Minozzi, William},
	month = apr,
	year = {2013},
	pages = {193--216}
}

@article{huang_interpretation_2000,
	title = {Interpretation of {Interaction} {Effects} in {Logit} and {Probit} {Analyses}: {Reconsidering} the {Relationship} {between} {Registration} {Laws}, {Education}, and {Voter} {Turnout}},
	volume = {28},
	number = {1},
	urldate = {2015-03-07},
	journal = {American Politics Research},
	author = {Huang, Chi and Shields, Todd G.},
	year = {2000},
	pages = {80--95}
}

@article{highton_voter_2004,
	title = {Voter {Registration} and {Turnout} in the {United} {States}},
	volume = {2},
	number = {3},
	journal = {Perspectives on Politics},
	author = {Highton, Benjamin},
	year = {2004},
	pages = {507--515}
}

@article{highton_easy_1997,
	title = {Easy {Registration} and {Voter} {Turnout}},
	volume = {59},
	number = {2},
	journal = {The Journal of Politics},
	author = {Highton, Benjamin},
	year = {1997},
	pages = {565--575}
}

@book{hanmer_discount_2009,
	title = {Discount {Voting}: {Voter} {Registration} {Reforms} and Their {Effects}},
	isbn = {9781139479400},
	shorttitle = {Discount {Voting}},
	language = {en},
	publisher = {Cambridge University Press},
	author = {Hanmer, Michael J.},
	month = aug,
	year = {2009}
}

@article{fenster_impact_1994,
	title = {The {Impact} of {Allowing} {Day} of {Registration} {Voting} {on} {Turnout} in {US} {Elections} {From} 1960 {To} 1992: {A} {Research} {Note}},
	volume = {22},
	number = {1},
	urldate = {2015-03-03},
	journal = {American Politics Research},
	author = {Fenster, Mark J.},
	year = {1994},
	pages = {74--87}
}

@book{cain_democracy_2011,
	title = {Democracy in the {States}: {Experiments} in {Election} {Reform}},
	publisher = {Brookings Institution Press},
	author = {Cain, Bruce E. and Donovan, Todd and Tolbert, Caroline J.},
	month = jun,
	year = {2011}
}

@article{burden_early_2011,
	title = {Early {Voting} and {Election} {Day} {Registration} in the {Trenches}: {Local} {Officials}' {Perceptions} of {Election} {Reform}},
	volume = {10},
	number = {2},
	journal = {Election Law Journal},
	author = {Burden, Barry C. and Canon, David T. and Mayer, Kenneth R. and Moynihan, Donald P.},
	year = {2011},
	pages = {89--102}
}


@inproceedings{burden_effects_2009,
  title={The Effects and Costs of Early Voting, Election Day Registration, and Same Day Registration in the 2008 Elections},
  author={Burden, Barry C and Canon, David T and Mayer, Kenneth R and Moynihan, Donald P},
  url={https://bit.ly/3xlvZPE},
  booktitle={annual meeting of the American Political Science Association, Toronto},
  year={2009}
}


@article{brians_election_2001,
	title = {Election {Day} {Registration}'s {Effect} on {US} {Voter} {Turnout}},
	volume = {82},
	number = {1},
	urldate = {2015-03-03},
	journal = {Social Science Quarterly},
	author = {Brians, Craig Leonard and Grofman, Bernard},
	year = {2001},
	pages = {170--183}
}

@incollection{Burnham_appearance_1980,
author = {Burnham, Walter Dean},
editor = {Rose, Richard},
title = {{The Appearance and Disappearance of the American Voter}},
booktitle = {Electoral Participation: A Comparative Analysis},
publisher={Sage Publications},
address = {Beverly Hills, CA},
year = {1980}
}

%%%%%%%%%%%%%%%%%%%%%%%% Applications %%%%%%%%%%%%%%%%%%%%%%%%%%%%%%

@article{Fisman2001,
author={Fisman, Raymond},
journal = {The American Economic Review},
number = {4},
pages = {1095--1102},
title = {{Estimating the Value of Political Connections}},
volume = {91},
year = {2001}
}

@article{Roberts1990,
author = {Roberts, Brian E.},
journal = {American Journal of Political Science},
number = {1},
pages = {31--58},
title = {{A Dead Senator Tells No Lies: Seniority and the Distribution of Federal Benefits}},
volume = {34},
year = {1990}
}

@article{Faccio2006,
author = {Faccio, Mara},
journal = {The American Economic Review},
number = {1},
pages = {369--386},
title = {{Politically Connected Firms}},
volume = {96},
year = {2006}
}

@article{DKN2011,
author = {Dube, Arindrajit and Kaplan, Ethan and Naidu, Suresh},
journal = {The Quarterly Journal of Economics},
month = aug,
number = {3},
pages = {1375--1409},
title = {{Coups, Corporations, and Classified Information}},
volume = {126},
year = {2011}
}

@book{Campbell1997,
title={{The Econometrics of Financial Markets}},
publisher={Princeton University Press},
author={Campbell, John Y. and Lo, Andrew W. and MacKinlay, A. Craig},
address={Princeton, NJ},
year={1997}
}

@article{park_structural_2010,
	title = {Structural {Change} in {US} {Presidents}' {Use} of {Force}},
	volume = {54},
	number = {3},
	journal = {American Journal of Political Science},
	author = {Park, Jong Hee},
	year = {2010},
	pages = {766--782}
    }

@article{park_unified_2012,
	title = {A {Unified} {Method} for {Dynamic} and {Cross}-{Sectional} {Heterogeneity}: {Introducing} {Hidden} {Markov} {Panel} {Models}},
	volume = {56},
	number = {4},
	urldate = {2016-04-25},
	journal = {American Journal of Political Science},
	author = {Park, Jong Hee},
	month = oct,
	year = {2012},
	pages = {1040--1054}
    }

@book{DasGupta2008,
title={{Asymptotic Theory of Statistics and Probability}},
publisher={Springer},
author={DasGupta, Anirban},
address={New York, NY},
year={2008}
}


%%%%%%%%%%%%%%%%%%%%%%%%%%%%%%%%%%%%%%%%%%%%%%%%%%%%%%%%%%%%%%%%%%%%

@article{athey2018matrix,
  title={Matrix completion methods for causal panel data models},
  author={Athey, Susan and Bayati, Mohsen and Doudchenko, Nikolay and Imbens, Guido and Khosravi, Khashayar},
  journal={Journal of the American Statistical Association},
  volume={116},
  number={536},
  pages={1716--1730},
  year={2021},
  publisher={Taylor \& Francis}
}

@article{aronow2016does,
  title={Does Regression Produce Representative Estimates of Causal Effects?},
  author={Aronow, Peter M and Samii, Cyrus},
  journal={American Journal of Political Science},
  volume={60},
  number={1},
  pages={250--267},
  year={2016},
  publisher={Wiley Online Library}
}

@article{hartman2018equivalence,
  title={An equivalence approach to balance and placebo tests},
  author={Hartman, Erin and Hidalgo, F. Daniel},
  journal={American Journal of Political Science},
  volume={64},
  number={4},
  pages={1000--1013},
  year={2018}
}

@book{wellek2010testing,
  title={Testing Statistical Hypotheses of Equivalence and Noninferiority},
  author={Wellek, Stefan},
  year={2010},
  publisher={Chapman and Hall/CRC}
}

@article{mazumder2010spectral,
  title={Spectral Regularization Algorithms for Learning Large Incomplete Matrices},
  author={Mazumder, Rahul and Hastie, Trevor and Tibshirani, Robert},
  journal={Journal of Machine Learning Research},
  volume={11},
  number={Aug},
  pages={2287--2322},
  year={2010}
}

@misc{kidzinski2018longitudinal,
  title={Longitudinal Data Analysis Using Matrix Completion},
  author={Kidzi{\'n}ski, {\L}ukasz and Hastie, Trevor},
  journal={arXiv preprint arXiv:1809.08771},
  howpublished = "Working Paper, Available at: \url{https://arxiv.org/abs/1809.08771}",
  year={2018}
}

@article{wansbeek1989estimation,
  title={Estimation of the Error-Components Model with Incomplete Panels},
  author={Wansbeek, Tom and Kapteyn, Arie},
  journal={Journal of Econometrics},
  volume={41},
  number={3},
  pages={341--361},
  year={1989},
  publisher={Elsevier}
}

@misc{li2018inference,
  title={Inference for Factor Model Based Average Treatment Effects},
  author={Li, Kathleen},
  howpublished={Available at SSRN: \url{https://papers.ssrn.com/abstract=3112775}},
  year={2018}
}

@article{xu2017generalized,
  title={Generalized Synthetic Control Method: Causal Inference with Interactive Fixed Effects Models},
  author={Xu, Yiqing},
  journal={Political Analysis},
  volume={25},
  number={1},
  pages={57--76},
  year={2017},
  publisher={Cambridge University Press}
}

@article{athey2018design,
  title={Design-Based Analysis in Difference-in-Differences Settings with Staggered Adoption},
  author={Athey, Susan and Imbens, Guido W},
  journal={Journal of Econometrics},
  year={2021},
  publisher={Elsevier}
}

@article{chernozhukov2013average,
  title={Average and Quantile Effects in Nonseparable Panel Models},
  author={Chernozhukov, Victor and Fern{\'a}ndez-Val, Iv{\'a}n and Hahn, Jinyong and Newey, Whitney},
  journal={Econometrica},
  volume={81},
  number={2},
  pages={535--580},
  year={2013},
  publisher={Wiley Online Library}
}

@article{tomz2007we,
  title={Do We Really Know that the WTO Increases Trade? Comment},
  author={Tomz, Michael and Goldstein, Judith L and Rivers, Douglas},
  journal={American Economic Review},
  volume={97},
  number={5},
  pages={2005--2018},
  year={2007}
}

@book{albertus2018authoritarianism,
  title={Authoritarianism and the Elite Origins of Democracy},
  author={Albertus, Michael and Menaldo, Victor},
  year={2018},
  publisher={Cambridge University Press}
}

@article{hainmueller2015does,
  title={Does Direct Democracy Hurt Immigrant Minorities? Evidence from Naturalization Decisions in Switzerland},
  author={Hainmueller, Jens and Hangartner, Dominik},
  journal={American Journal of Political Science},
  volume={63},
  number={3},
  pages={530--47},
  year={2019}
}