@book{alvarez2003time,
author = {{Javier Alvarez and Manuel Arellano}},
title = {{The time series and cross-section asymptotics of dynamic panel data estimators}},
publisher = {em Econometrica 71(4):},
pages = {1121--1159},
year = {2003}
}
@book{abadie2024doubly,
author = {{Alberto Abadie, Anish Agarwal, Raaz Dwivedi, and Abhin Shah}},
title = {{Doubly robust inference in causal latent factor models}},
publisher = {em arXiv preprint arXiv:2402.11652},
year = {2024}
}
@book{arkhangelsky2021synthetic,
author = {{Dmitry Arkhangelsky, Susan Athey, David~A Hirshberg, Guido~W Imbens, and Stefan Wager}},
title = {{Synthetic difference-in-differences}},
publisher = {em American Economic Review 111(12):},
pages = {4088--4118},
year = {2021}
}
@book{abadie2020sampling,
author = {{Alberto Abadie, Susan Athey, Guido~W Imbens, and Jeffrey~M Wooldridge}},
title = {{Sampling-based versus design-based uncertainty in regression analysis}},
publisher = {em Econometrica 88(1):},
pages = {265--296},
year = {2020}
}
@book{abadie2023should,
author = {{Alberto Abadie, Susan Athey, Guido~W Imbens, and Jeffrey~M Wooldridge}},
title = {{When should you adjust standard errors for clustering?}},
publisher = {em The Quarterly Journal of Economics 138(1):},
pages = {1--35},
year = {2023}
}
@book{arellano1991some,
author = {{Manuel Arellano and Stephen Bond}},
title = {{Some tests of specification for panel data: Monte carlo evidence and an application to employment equations}},
publisher = {em The review of economic studies 58(2):},
pages = {277--297},
year = {1991}
}
@book{altonji1999race,
author = {{Joseph~G Altonji and Rebecca~M Blank}},
title = {{Race and gender in the labor market}},
publisher = {em Handbook of labor economics 3:},
pages = {3143--3259},
year = {1999}
}
@book{arellano2011identifying,
author = {{Manuel Arellano and St{\'e}phane Bonhomme}},
title = {{Identifying distributional characteristics in random coefficients panel data models}},
publisher = {em The Review of Economic Studies 79(3):},
pages = {987--1020},
year = {2011}
}
@book{arellano2011nonlinear,
author = {{Manuel Arellano and St{\'e}phane Bonhomme}},
title = {{Nonlinear panel data analysis}},
publisher = {em Annu Rev Econ. 3(1):},
pages = {395--424},
year = {2011}
}
@book{arellano2016nonlinear,
author = {{Manuel Arellano and St{\'e}phane Bonhomme}},
title = {{Nonlinear panel data estimation via quantile regressions}},
publisher = {em The Econometrics Journal 3(19):C61--C94},
year = {2016}
}
@book{abadie2005semiparametric,
author = {{Alberto Abadie}},
title = {{Semiparametric difference-in-differences estimators}},
publisher = {em The Review of Economic Studies 72(1):},
pages = {1--19},
year = {2005}
}
@book{abadie2019using,
author = {{Alberto Abadie}},
title = {{Using synthetic controls: Feasibility, data requirements, and methodological aspects}},
publisher = {em Journal of Economic Literature 59(2):},
pages = {391--425},
year = {2021}
}
@book{athey2021matrix,
author = {{Susan Athey, Mohsen Bayati, Nikolay Doudchenko, Guido Imbens, and Khashayar Khosravi}},
title = {{Matrix completion methods for causal panel data models}},
publisher = {em Journal of the American Statistical Association,116(536):},
pages = {1716--1730},
year = {2021}
}
@book{ashenfelter1985using,
author = {{Orley Ashenfelter and David Card}},
title = {{Using the longitudinal structure of earnings to estimate the effect of training programs}},
publisher = {em The Review of Economics and Statistics 67(4):},
pages = {648--660},
year = {1985}
}
@book{abowd1989covariance,
author = {{John~M Abowd and David Card}},
title = {{On the covariance structure of earnings and hours changes}},
publisher = {em Econometrica: Journal of the Econometric Society pages},
pages = {411--445},
year = {1989}
}
@book{athey2020combining,
author = {{Susan Athey, Raj Chetty, and Guido Imbens}},
title = {{Combining experimental and observational data to estimate treatment effects on long term outcomes}},
publisher = {em arXiv preprint arXiv:.09676 2020},
year = {2006}
}
@book{abadie2010synthetic,
author = {{Alberto Abadie, Alexis Diamond, and Jens Hainmueller}},
title = {{Synthetic control methods for comparative case studies: Estimating the effect of california's tobacco control program}},
publisher = {em Journal of the American statistical Association,105(490):},
pages = {493--505},
year = {2010}
}
@book{abadie2014,
author = {{Alberto Abadie, Alexis Diamond, and Jens Hainmueller}},
title = {{Comparative politics and the synthetic control method}},
publisher = {em American Journal of Political Science pages},
pages = {495--510},
year = {2015}
}
@book{abadie2003,
author = {{Alberto Abadie and Javier Gardeazabal}},
title = {{The economic costs of conflict: A case study of the basque country}},
publisher = {em American Economic Review 93(-):},
pages = {113--132},
year = {2003}
}
@book{ashenfelter2004using,
author = {{Orley Ashenfelter and Michael Greenstone}},
title = {{Using mandated speed limits to measure the value of a statistical life}},
publisher = {em Journal of political Economy 112(S1):S226--S267},
year = {2004}
}
@book{anderson1981estimation,
author = {{Theodore~Wilbur Anderson and Cheng Hsiao}},
title = {{Estimation of dynamic models with error components}},
publisher = {em Journal of the American statistical Association,76(375):},
pages = {598--606},
year = {1981}
}
@book{arellano2001panel,
author = {{Manuel Arellano and Bo~Honor{\'e}}},
title = {{Panel data models: some recent developments}},
publisher = {em Handbook of econometrics 5:},
pages = {3229--3296},
year = {2001}
}
@book{abbring2007econometric,
author = {{Jaap~H Abbring and James~J Heckman}},
title = {{Econometric evaluation of social programs, part iii: Distributional treatment effects, dynamic treatment effects, dynamic discrete choice, and general equilibrium policy evaluation}},
publisher = {em Handbook of econometrics 6:},
pages = {5145--5303},
year = {2007}
}
@book{arellano2007understanding,
author = {{Manuel Arellano and Jinyong Hahn}},
title = {{Understanding bias in nonlinear panel models: Some recent developments}},
publisher = {em Econometric Society Monographs 43:381},
year = {2007}
}
@book{arkhangelsky2023synth,
author = {{Dmitry Arkhangelsky and David Hirshberg}},
title = {{Large-sample properties of the synthetic control method under selection on unobservables}},
publisher = {em arXiv preprint arXiv:2311.13575},
year = {2023}
}
@book{athey2006identification,
author = {{Susan Athey and Guido~W Imbens}},
title = {{Identification and inference in nonlinear difference-in-differences models}},
publisher = {em Econometrica 74(2):},
pages = {431--497},
year = {2006}
}
@book{athey2021design,
author = {{Susan Athey and Guido~W Imbens}},
title = {{Design-based analysis in difference-in-differences settings with staggered adoption}},
publisher = {em Journal of Econometrics},
year = {2021}
}
@book{arkhangelsky2022doubly,
author = {{Dmitry Arkhangelsky and Guido~W Imbens}},
title = {{Doubly robust identification for causal panel data models}},
publisher = {em The Econometrics Journal 25(3):},
pages = {649--674},
year = {2022}
}
@book{arkhangelsky2018role,
author = {{Dmitry Arkhangelsky and Guido~W Imbens}},
title = {{Fixed effects and the generalized mundlak estimator}},
publisher = {em The Review of Economic Studies},
year = {2023}
}
@book{lihua2021,
author = {{Dmitry Arkhangelsky, Guido~W Imbens, Lihua Lei, and Xiaoman Luo}},
title = {{Double robust two-way fixed effect regression for panel data}},
publisher = {em arXiv preprint arXiv:.09412 2021},
year = {1909}
}
@book{athey2021using,
author = {{Susan Athey, Guido~W Imbens, Jonas Metzger, and Evan Munro}},
title = {{Using wasserstein generative adversarial networks for the design of monte carlo simulations}},
publisher = {em Journal of Econometrics page 105076},
year = {2021}
}
@book{athey2018approximate,
author = {{Susan Athey, Guido~W Imbens, and Stefan Wager}},
title = {{Approximate residual balancing: debiased inference of average treatment effects in high dimensions}},
publisher = {em Journal of the Royal Statistical Society: Series B (StatisticalMethodology) 80(4):},
pages = {597--623},
year = {2018}
}
@book{angristkrueger1991,
author = {{Joshua~D Angrist and Alan Krueger}},
title = {{Does compulsory schooling affect schooling and earnings}},
publisher = {em Quarterly Journal of Economics CVI(4):},
pages = {979--1014},
year = {1991}
}
@book{arkhangelsky2019policy,
author = {{Dmitry Arkhangelsky and Vasily Korovkin}},
title = {{On policy evaluation with aggregate time-series shocks}},
publisher = {em arXiv preprint arXiv:.13660 2019},
year = {1905}
}
@book{abowd1999high,
author = {{John~M Abowd, Francis Kramarz, and David~N Margolis}},
title = {{High wage workers and high wage firms}},
publisher = {em Econometrica 67(2):},
pages = {251--333},
year = {1999}
}
@book{abadie2021penalized,
author = {{Alberto Abadie and J{\'e}r{\'e}my L’hour}},
title = {{A penalized synthetic control estimator for disaggregated data}},
publisher = {em Journal of the American Statistical Association,116(536):},
pages = {1817--1834},
year = {2021}
}
@book{aldous1981representations,
author = {{David~J Aldous}},
title = {{Representations for partially exchangeable arrays of random variables}},
publisher = {em Journal of Multivariate Analysis 11(4):},
pages = {581--598},
year = {1981}
}
@book{altonji2005cross,
author = {{Joseph~G Altonji and Rosa~L Matzkin}},
title = {{Cross section and panel data estimators for nonseparable models with endogenous regressors}},
publisher = {em Econometrica 73(4):},
pages = {1053--1102},
year = {2005}
}
@book{anderson1984estimating,
author = {{Theodore~Wilbur Anderson}},
title = {{Estimating linear statistical relationships}},
publisher = {em The Annals of Statistics 12(1):},
pages = {1--45},
year = {1984}
}
@book{angristpischke,
author = {{Joshua Angrist and Steve Pischke}},
title = {{em Mostly Harmless Econometrics: An Empiricists' Companion}},
publisher = {Princeton University Press},
year = {2008}
}
@book{manuel1987computing,
author = {{Manuel Arellano}},
title = {{Computing robust standard errors for within group estimators}},
publisher = {em Oxford bulletin of Economics and Statistics 49(4):},
pages = {431--434},
year = {1987}
}
@book{arellano2003panel,
author = {{Manuel Arellano}},
title = {{em Panel data econometrics}},
publisher = {OUP Oxford},
year = {2003}
}
@book{arkhangelsky2019dealing,
author = {{Dmitry Arkhangelsky}},
title = {{em Dealing with a technological bias: The difference-in-difference approach}},
publisher = {Centro de estudios monetarios y financieros},
year = {2019}
}
@book{athey2002impact,
author = {{Susan Athey and Scott Stern}},
title = {{The impact of information technology on emergency health care outcomes}},
publisher = {em The RAND Journal of Economics 33(3):},
pages = {399--432},
year = {2002}
}
@book{aronow2017estimating,
author = {{Peter~M Aronow and Cyrus Samii}},
title = {{Estimating average causal effects under general interference, with application to a social network experiment}},
publisher = {em Annals of Applied Statistics 11(4):},
pages = {1912--1947},
year = {2017}
}
@book{arkhangelsky2024sequential,
author = {{Dmitry Arkhangelsky and Aleksei Samkov}},
title = {{Sequential synthetic difference in differences}},
publisher = {em arXiv preprint arXiv:2404.00164},
year = {2024}
}
@book{ashenfelter1978estimating,
author = {{Orley Ashenfelter}},
title = {{Estimating the effect of training programs on earnings}},
publisher = {em The Review of Economics and Statistics pages},
pages = {47--57},
year = {1978}
}
@book{amjad2018robust,
author = {{Muhammad Amjad, Devavrat Shah, and Dennis Shen}},
title = {{Robust synthetic control}},
publisher = {em The Journal of Machine Learning Research 19(1):},
pages = {802--852},
year = {2018}
}
@book{auerbach2022identification,
author = {{Eric Auerbach}},
title = {{Identification and estimation of a partially linear regression model using network data}},
publisher = {em Econometrica 90(1):},
pages = {347--365},
year = {2022}
}
@book{abbring2003nonparametric,
author = {{Jaap~H Abbring and Gerard~J Van~den Berg}},
title = {{The nonparametric identification of treatment effects in duration models}},
publisher = {em Econometrica 71(5):},
pages = {1491--1517},
year = {2003}
}
@book{bai2009panel,
author = {{Jushan Bai}},
title = {{Panel data models with interactive fixed effects}},
publisher = {em Econometrica 77(4):},
pages = {1229--1279},
year = {2009}
}
@book{baltagi2008econometric,
author = {{Badi Baltagi}},
title = {{em Econometric analysis of panel data}},
publisher = {John Wiley & Sons},
year = {2008}
}
@book{blundell1998initial,
author = {{Richard Blundell and Stephen Bond}},
title = {{Initial conditions and moment restrictions in dynamic panel data models}},
publisher = {em Journal of econometrics 87(1):},
pages = {115--143},
year = {1998}
}
@book{brown2023dynamic,
author = {{Nicholas Brown and Kyle Butts}},
title = {{Dynamic treatment effect estimation with interactive fixed effects and short panels}},
year = {2023}
}
@book{bajari2023experimental,
author = {{Patrick Bajari, Brian Burdick, Guido~W Imbens, Lorenzo Masoero, James McQueen, Thomas~S Richardson, and Ido~M Rosen}},
title = {{Experimental design in marketplaces}},
publisher = {em Statistical Science 1(1):},
pages = {1--19},
year = {2023}
}
@book{Bertrand2004did,
author = {{Marianne Bertrand, Esther Duflo, and Sendhil Mullainathan}},
title = {{How much should we trust differences-in-differences estimates?}},
publisher = {em The Quarterly Journal of Economics 119(1):},
pages = {249--275},
year = {2004}
}
@book{bekker1994alternative,
author = {{Paul~A Bekker}},
title = {{Alternative approximations to the distributions of instrumental variable estimators}},
publisher = {em Econometrica: Journal of the Econometric Society pages},
pages = {657--681},
year = {1994}
}
@book{brodersen2015inferring,
author = {{Kay~H Brodersen, Fabian Gallusser, Jim Koehler, Nicolas Remy, and Steven~L Scott}},
title = {{Inferring causal impact using bayesian structural time-series models}},
publisher = {em The Annals of Applied Statistics pages},
pages = {247--274},
year = {2015}
}
@book{borusyak2022non,
author = {{Kirill Borusyak and Peter Hull}},
title = {{Non-random exposure to exogenous shocks}},
publisher = {em NBER Working Paper (27845)},
year = {2022}
}
@book{belkin2019reconciling,
author = {{Mikhail Belkin, Daniel Hsu, Siyuan Ma, and Soumik Mandal}},
title = {{Reconciling modern machine-learning practice and the classical bias--variance trade-off}},
publisher = {em Proceedings of the National Academy of Sciences,116(32):},
pages = {15849--15854},
year = {2019}
}
@book{brown1980crossover,
author = {{Byron~Wm Brown~Jr}},
title = {{The crossover experiment for clinical trials}},
publisher = {em Biometrics pages},
pages = {69--79},
year = {1980}
}
@book{bell2015explaining,
author = {{Andrew Bell and Kelvyn Jones}},
title = {{Explaining fixed effects: Random effects modeling of time-series cross-sectional and panel data}},
publisher = {em Political Science Research and Methods 3(1):},
pages = {133--153},
year = {2015}
}
@book{borusyak2021revisiting,
author = {{Kirill Borusyak, Xavier Jaravel, and Jann Spiess}},
title = {{Revisiting event study designs: Robust and efficient estimation}},
publisher = {em arXiv preprint arXiv:2108.12419},
year = {2021}
}
@book{bonhomme2022discretizing,
author = {{St{\'e}phane Bonhomme, Thibaut Lamadon, and Elena Manresa}},
title = {{Discretizing unobserved heterogeneity}},
publisher = {em Econometrica 90(2):},
pages = {625--643},
year = {2022}
}
@book{braghieri2022social,
author = {{Luca Braghieri, Ro’ee Levy, and Alexey Makarin}},
title = {{Social media and mental health}},
publisher = {em American Economic Review 112(11):},
pages = {3660--3693},
year = {2022}
}
@book{baker2021much,
author = {{Andrew Baker, David~F Larcker, and Charles~CY Wang}},
title = {{How much should we trust staggered difference-in-differences estimates?}},
publisher = {em Available at SSRN 3794018},
year = {2021}
}
@book{bonhomme2015grouped,
author = {{St{\'e}phane Bonhomme and Elena Manresa}},
title = {{Grouped patterns of heterogeneity in panel data}},
publisher = {em Econometrica 83(3):},
pages = {1147--1184},
year = {2015}
}
@book{ben2023estimating,
author = {{Eli Ben-Michael, David Arbour, Avi Feller, Alexander Franks, and Steven Raphael}},
title = {{Estimating the effects of a california gun control program with multitask gaussian processes}},
publisher = {em The Annals of Applied Statistics 17(2):},
pages = {985--1016},
year = {2023}
}
@book{barker2016stepped,
author = {{Daniel Barker, Patrick McElduff, Catherine D’Este, and MJ~Campbell}},
title = {{Stepped wedge cluster randomised trials: a review of the statistical methodology used and available}},
publisher = {em BMC medical research methodology 16(1):},
pages = {1--19},
year = {2016}
}
@book{ben2021augmented,
author = {{Eli Ben-Michael, Avi Feller, and Jesse Rothstein}},
title = {{The augmented synthetic control method}},
publisher = {em Journal of the American Statistical Association,116(536):},
pages = {1789--1803},
year = {2021}
}
@book{ben2022synthetic,
author = {{Eli Ben-Michael, Avi Feller, and Jesse Rothstein}},
title = {{Synthetic controls with staggered adoption}},
publisher = {em Journal of the Royal Statistical Society Series B: StatisticalMethodology 84(2):},
pages = {351--381},
year = {2022}
}
@book{bai2002determining,
author = {{Jushan Bai and Serena Ng}},
title = {{Determining the number of factors in approximate factor models}},
publisher = {em Econometrica 70(1):},
pages = {191--221},
year = {2002}
}
@book{bonhomme2012functional,
author = {{St{\'e}phane Bonhomme}},
title = {{Functional differencing}},
publisher = {em Econometrica 80(4):},
pages = {1337--1385},
year = {2012}
}
@book{bonhomme2020econometric,
author = {{St{\'e}phane Bonhomme}},
title = {{Econometric analysis of bipartite networks}},
publisher = {In em The econometric analysis of network data pages .Elsevier},
pages = {83--121},
year = {2020}
}
@book{broda2014economic,
author = {{Christian Broda and Jonathan~A Parker}},
title = {{The economic stimulus payments of  and the aggregate demand for consumption}},
publisher = {em Journal of Monetary Economics 68:S20--S36},
year = {2014}
}
@book{bang2005doubly,
author = {{Heejung Bang and James~M Robins}},
title = {{Doubly robust estimation in missing data and causal inference models}},
publisher = {em Biometrics 61(4):},
pages = {962--973},
year = {2005}
}
@book{bojinov2021panel,
author = {{Iavor Bojinov, Ashesh Rambachan, and Neil Shephard}},
title = {{Panel experiments and dynamic causal effects: A finite population perspective}},
publisher = {em Quantitative Economics 12(4):},
pages = {1171--1196},
year = {2021}
}
@book{bonhomme2011recovering,
author = {{St{\'e}phane Bonhomme and Ulrich Sauder}},
title = {{Recovering distributions in difference-in-differences models: A comparison of selective and comprehensive schooling}},
publisher = {em Review of Economics and Statistics 93(2):},
pages = {479--494},
year = {2011}
}
@book{bojinov2022design,
author = {{Iavor Bojinov, David Simchi-Levi, and Jinglong Zhao}},
title = {{Design and analysis of switchback experiments}},
publisher = {em Management Science},
year = {2022}
}
@book{chernozhukov2017double,
author = {{Victor Chernozhukov, Denis Chetverikov, Mert Demirer, Esther Duflo, Christian Hansen, and Whitney Newey}},
title = {{Double/debiased/neyman machine learning of treatment effects}},
publisher = {em American Economic Review 107(5):},
pages = {261--65},
year = {2017}
}
@book{caetano2022difference,
author = {{Carolina Caetano, Brantly Callaway, Stroud Payne, and Hugo~Sant'Anna Rodrigues}},
title = {{Difference in differences with time-varying covariates}},
publisher = {em arXiv preprint arXiv:2202.02903},
year = {2022}
}
@book{cattaneo2021prediction,
author = {{Matias~D Cattaneo, Yingjie Feng, and Rocio Titiunik}},
title = {{Prediction intervals for synthetic control methods}},
publisher = {em Journal of the American Statistical Association,116(536):},
pages = {1865--1880},
year = {2021}
}
@book{chernozhukov2013average,
author = {{Victor Chernozhukov, Iv{\'a}n Fern{\'a}ndez-Val, Jinyong Hahn, and Whitney Newey}},
title = {{Average and quantile effects in nonseparable panel models}},
publisher = {em Econometrica 81(2):},
pages = {535--580},
year = {2013}
}
@book{callaway2021difference,
author = {{Brantly Callaway, Andrew Goodman-Bacon, and Pedro~HC Sant'Anna}},
title = {{Difference-in-differences with a continuous treatment}},
publisher = {em arXiv preprint arXiv:2107.02637},
year = {2021}
}
@book{chamberlain1977education,
author = {{Gary Chamberlain}},
title = {{Education, income, and ability revisited}},
publisher = {em Journal of Econometrics 5(2):},
pages = {241--257},
year = {1977}
}
@book{chamberlain1980analysis,
author = {{Gary Chamberlain}},
title = {{Analysis of covariance with qualitative data}},
publisher = {em The review of economic studies 47(1):},
pages = {225--238},
year = {1980}
}
@book{chamberlain1982multivariate,
author = {{Gary Chamberlain}},
title = {{Multivariate regression models for panel data}},
publisher = {em Journal of econometrics 18(1):},
pages = {5--46},
year = {1982}
}
@book{chamberlain1984panel,
author = {{Gary Chamberlain}},
title = {{Panel data}},
publisher = {em Handbook of econometrics 2:},
pages = {1247--1318},
year = {1984}
}
@book{chamberlain1992efficiency,
author = {{Gary Chamberlain}},
title = {{Efficiency bounds for semiparametric regression}},
publisher = {em Econometrica: Journal of the Econometric Society pages},
pages = {567--596},
year = {1992}
}
@book{chamberlain2010binary,
author = {{Gary Chamberlain}},
title = {{Binary response models for panel data: Identification and information}},
publisher = {em Econometrica 78(1):},
pages = {159--168},
year = {2010}
}
@book{card1994minimum,
author = {{David Card and Alan Krueger}},
title = {{Minimum wages and employment: A case study of the fast-food industry in new jersey and pennsylvania}},
publisher = {em The American Economic Review 84(4):},
pages = {772--793},
year = {1994}
}
@book{callaway2019quantile,
author = {{Brantly Callaway and Tong Li}},
title = {{Quantile treatment effects in difference in differences models with panel data}},
publisher = {em Quantitative Economics 10(4):},
pages = {1579--1618},
year = {2019}
}
@book{chiu2023and,
author = {{Albert Chiu, Xingchen Lan, Ziyi Liu, and Yiqing Xu}},
title = {{What to do (and not to do) with causal panel analysis under parallel trends: Lessons from a large reanalysis study}},
publisher = {em Available at SSRN 4490035},
year = {2023}
}
@book{callaway2018quantile,
author = {{Brantly Callaway, Tong Li, and Tatsushi Oka}},
title = {{Quantile treatment effects in difference in differences models under dependence restrictions and with only two time periods}},
publisher = {em Journal of Econometrics},
year = {2018}
}
@book{chetverikov2022spectral,
author = {{Denis Chetverikov and Elena Manresa}},
title = {{Spectral and post-spectral estimators for grouped panel data models}},
publisher = {em arXiv preprint arXiv:2212.13324},
year = {2022}
}
@book{cochran1939long,
author = {WG~{Cochran}},
title = {{Long-term agricultural experiments}},
publisher = {em Supplement to the Journal of the Royal Statistical Society,6(2):},
pages = {104--148},
year = {1939}
}
@book{candes2010matrix,
author = {{Emmanuel~J Cand{\`e}s and Yaniv Plan}},
title = {{Matrix completion with noise}},
publisher = {em Proceedings of the IEEE 98(6):},
pages = {925--936},
year = {2010}
}
@book{colonnelli2022corruption,
author = {{Emanuele Colonnelli and Mounu Prem}},
title = {{Corruption and firms}},
publisher = {em The Review of Economic Studies 89(2):},
pages = {695--732},
year = {2022}
}
@book{chamberlain1983arbitrage,
author = {{Gary Chamberlain and Michael Rothschild}},
title = {{Arbitrage, factor structure, and mean-variance analysis on large asset markets}},
publisher = {em Econometrica: Journal of the Econometric Society pages},
pages = {1281--1304},
year = {1983}
}
@book{candes2009exact,
author = {{Emmanuel~J Cand{\`e}s and Benjamin Recht}},
title = {{Exact matrix completion via convex optimization}},
publisher = {em Foundations of Computational mathematics 9(6):717},
year = {2009}
}
@book{card2022industry,
author = {{David Card, Jesse Rothstein, and Moises Yi}},
title = {{Industry wage differentials: A firm-based approach}},
publisher = {em Unpublished draft University of California Berkeley},
year = {2022}
}
@book{callaway2020difference,
author = {{Brantly Callaway and Pedro~HC Sant’Anna}},
title = {{Difference-in-differences with multiple time periods}},
publisher = {em Journal of Econometrics},
year = {2020}
}
@book{chernozhukov2021exact,
author = {{Victor Chernozhukov, Kaspar W{\"u}thrich, and Yinchu Zhu}},
title = {{An exact and robust conformal inference method for counterfactual and synthetic controls}},
publisher = {em Journal of the American Statistical Association,116(536):},
pages = {1849--1864},
year = {2021}
}
@book{de2020two,
author = {{Cl{\'e}ment De~Chaisemartin and Xavier d'Haultf{\oe}uille}},
title = {{Two-way fixed effects estimators with heterogeneous treatment effects}},
publisher = {em American Economic Review 110(9):},
pages = {2964--2996},
year = {2020}
}
@book{de2023two,
author = {{Cl{\'e}ment De~Chaisemartin and Xavier d’Haultfoeuille}},
title = {{Two-way fixed effects and differences-in-differences with heterogeneous treatment effects: A survey}},
publisher = {em The Econometrics Journal 26(3):C1--C30},
year = {2023}
}
@book{deaton1985panel,
author = {{Angus Deaton}},
title = {{Panel data from time series of cross-sections}},
publisher = {em Journal of econometrics 30(1-2):},
pages = {109--126},
year = {1985}
}
@book{deaner2021many,
author = {{Ben Deaner}},
title = {{Many proxy controls}},
publisher = {em arXiv preprint arXiv:2110.03973},
year = {2021}
}
@book{deaner2021proxy,
author = {{Ben Deaner}},
title = {{Proxy controls and panel data}},
publisher = {em arXiv preprint arXiv:1810.00283},
year = {2021}
}
@book{doudchenko2016balancing,
author = {{Nikolay Doudchenko and Guido~W Imbens}},
title = {{Balancing, regression, difference-in-differences and synthetic control methods: A synthesis}},
publisher = {Technical report National Bureau of Economic Research},
year = {2016}
}
@book{donald2007inference,
author = {{Stephen~G Donald and Kevin Lang}},
title = {{Inference with difference-in-differences and other panel data}},
publisher = {em The review of Economics and Statistics 89(2):},
pages = {221--233},
year = {2007}
}
@book{ding2019bracketing,
author = {{Peng Ding and Fan Li}},
title = {{A bracketing relationship between difference-in-differences and lagged-dependent-variable adjustment}},
publisher = {em Political Analysis 27(4):},
pages = {605--615},
year = {2019}
}
@book{dehejiawahba,
author = {{Rajeev~H Dehejia and Sadek Wahba}},
title = {{Causal effects in nonexperimental studies: Reevaluating the evaluation of training programs}},
publisher = {em Journal of the American statistical Association,94(448):},
pages = {1053--1062},
year = {1999}
}
@book{dehejia2002propensity,
author = {{Rajeev~H Dehejia and Sadek Wahba}},
title = {{Propensity score-matching methods for nonexperimental causal studies}},
publisher = {em Review of Economics and statistics 84(1):},
pages = {151--161},
year = {2002}
}
@book{engle1983exogeneity,
author = {{Robert~F Engle, David~F Hendry, and Jean-Francois Richard}},
title = {{exogeneity}},
publisher = {em Econometrica: Journal of the Econometric Society pages},
pages = {277--304},
year = {1983}
}
@book{eissa1996labor,
author = {{Nada Eissa and Jeffrey~B Liebman}},
title = {{Labor supply response to the earned income tax credit}},
publisher = {em The quarterly journal of economics 111(2):},
pages = {605--637},
year = {1996}
}
@book{ferman2021properties,
author = {{Bruno Ferman}},
title = {{On the properties of the synthetic control estimator with many periods and many controls}},
publisher = {em Journal of the American Statistical Association,116(536):},
pages = {1764--1772},
year = {2021}
}
@book{fama1969adjustment,
author = {{Eugene~F Fama, Lawrence Fisher, Michael~C Jensen, and Richard Roll}},
title = {{The adjustment of stock prices to new information}},
publisher = {em International economic review 10(1):},
pages = {1--21},
year = {1969}
}
@book{freyaldenhoven2019pre,
author = {{Simon Freyaldenhoven, Christian Hansen, and Jesse~M Shapiro}},
title = {{Pre-event trends in the panel event-study design}},
publisher = {em American Economic Review 109(9):},
pages = {3307--38},
year = {2019}
}
@book{fisher1937design,
author = {{Ronald~Aylmer Fisher}},
title = {{em The design of experiments}},
publisher = {Oliver And Boyd; Edinburgh; London},
year = {1937}
}
@book{firpo2018synthetic,
author = {{Sergio Firpo and Vitor Possebom}},
title = {{Synthetic control method: Inference, sensitivity analysis and confidence sets}},
publisher = {em Journal of Causal Inference 6(2)},
year = {2018}
}
@book{ferman2021synthetic,
author = {{Bruno Ferman and Cristine Pinto}},
title = {{Synthetic controls with imperfect pretreatment fit}},
publisher = {em Quantitative Economics 12(4):},
pages = {1197--1221},
year = {2021}
}
@book{freyberger2018non,
author = {{Joachim Freyberger}},
title = {{Non-parametric panel data models with interactive fixed effects}},
publisher = {em The Review of Economic Studies 85(3):},
pages = {1824--1851},
year = {2018}
}
@book{fernandez2016individual,
author = {{Iv{\'a}n Fern{\'a}ndez-Val and Martin Weidner}},
title = {{Individual and time effects in nonlinear panel models with large n, t}},
publisher = {em Journal of Econometrics 192(1):},
pages = {291--312},
year = {2016}
}
@book{fernandez2018fixed,
author = {{Iv{\'a}n Fern{\'a}ndez-Val and Martin Weidner}},
title = {{Fixed effects estimation of large-t panel data models}},
publisher = {em Annual Review of Economics 10:},
pages = {109--138},
year = {2018}
}
@book{goodman2021difference,
author = {{Andrew Goodman-Bacon}},
title = {{Difference-in-differences with variation in treatment timing}},
publisher = {em Journal of Econometrics 225(2):},
pages = {254--277},
year = {2021}
}
@book{gabaix2020granular,
author = {{Xavier Gabaix and Ralph~SJ Koijen}},
title = {{Granular instrumental variables}},
publisher = {Technical report National Bureau of Economic Research},
year = {2020}
}
@book{gobillon2016regional,
author = {{Laurent Gobillon and Thierry Magnac}},
title = {{Regional policy evaluation: Interactive fixed effects and synthetic controls}},
publisher = {em Review of Economics and Statistics 98(3):},
pages = {535--551},
year = {2016}
}
@book{goldberger1991course,
author = {{Arthur~Stanley Goldberger}},
title = {{em A course in econometrics}},
publisher = {Harvard University Press},
year = {1991}
}
@book{graham2012identification,
author = {{Bryan~S Graham and James~L Powell}},
title = {{Identification and estimation of average partial effects in ``irregular''' correlated random coefficient panel data models}},
publisher = {em Econometrica 80(5):},
pages = {2105--2152},
year = {2012}
}
@book{goldsmith,
author = {{Paul Goldsmith-Pinkham}},
title = {{Tracking the credibility revolution across fields}},
publisher = {em arXiv preprint arXiv:2201.01194},
year = {2024}
}
@book{griliches1977estimating,
author = {{Zvi Griliches}},
title = {{Estimating the returns to schooling: Some econometric problems}},
publisher = {em Econometrica: Journal of the Econometric Society pages},
pages = {1--22},
year = {1977}
}
@book{ghanem2022selection,
author = {{Dalia Ghanem, Pedro~HC Sant'Anna, and Kaspar W{\"u}thrich}},
title = {{Selection and parallel trends}},
publisher = {em arXiv preprint arXiv:2203.09001},
year = {2022}
}
@book{gunsilius2023distributional,
author = {{Florian~F Gunsilius}},
title = {{Distributional synthetic controls}},
publisher = {em Econometrica 91(3):},
pages = {1105--1117},
year = {2023}
}
@book{gardeazabal2017empirical,
author = {{Javier Gardeazabal and Ainhoa Vega-Bayo}},
title = {{An empirical comparison between the synthetic control method and hsiao et al.'s panel data approach to program evaluation}},
publisher = {em Journal of Applied Econometrics 32(5):},
pages = {983--1002},
year = {2017}
}
@book{ghassami2022combining,
author = {{AmirEmad Ghassami, Alan Yang, David Richardson, Ilya Shpitser, and Eric~Tchetgen Tchetgen}},
title = {{Combining experimental and observational data for identification and estimation of long-term causal effects}},
publisher = {em arXiv preprint arXiv:2201.10743},
year = {2022}
}
@book{hansen2007generalized,
author = {{Christian~B Hansen}},
title = {{Generalized least squares inference in panel and multilevel models with serial correlation and fixed effects}},
publisher = {em Journal of Econometrics 140(2):},
pages = {670--694},
year = {2007}
}
@book{han2020identification,
author = {{Sukjin Han}},
title = {{Identification in nonparametric models for dynamic treatment effects}},
publisher = {em Journal of Econometrics},
year = {2020}
}
@book{heckman1981statistical,
author = {{James~J Heckman}},
title = {{Statistical models for discrete panel data}},
publisher = {em Structural analysis of discrete data with econometricapplications 114:178},
year = {1981}
}
@book{holtz1988estimating,
author = {{Douglas Holtz-Eakin, Whitney Newey, and Harvey~S Rosen}},
title = {{Estimating vector autoregressions with panel data}},
publisher = {em Econometrica: Journal of the econometric society pages},
pages = {1371--1395},
year = {1988}
}
@book{heckman1989choosing,
author = {{James~J Heckman and V~Joseph Hotz}},
title = {{Choosing among alternative nonexperimental methods for estimating the impact of social programs: The case of manpower training}},
publisher = {em Journal of the American statistical Association,84(408):},
pages = {862--874},
year = {1989}
}
@book{hussey2007design,
author = {{Michael~A Hussey and James~P Hughes}},
title = {{Design and analysis of stepped wedge cluster randomized trials}},
publisher = {em Contemporary clinical trials 28(2):},
pages = {182--191},
year = {2007}
}
@book{hudgens,
author = {{Michael Hudgens and Elizabeth Halloran}},
title = {{Toward causal inference with interference}},
publisher = {em Journal of the American Statistical Association pages},
pages = {832--842},
year = {2008}
}
@book{hemming2015stepped,
author = {{Karla Hemming, Terry~P Haines, Peter~J Chilton, Alan~J Girling, and Richard~J Lilford}},
title = {{The stepped wedge cluster randomised trial: rationale, design, analysis, and reporting}},
publisher = {em Bmj 350},
year = {2015}
}
@book{hahn2002asymptotically,
author = {{Jinyong Hahn and Guido Kuersteiner}},
title = {{Asymptotically unbiased inference for a dynamic panel model with fixed effects when both n and t are large}},
publisher = {em Econometrica 70(4):},
pages = {1639--1657},
year = {2002}
}
@book{heckman2007dynamic,
author = {{James~J Heckman and Salvador Navarro}},
title = {{Dynamic discrete choice and dynamic treatment effects}},
publisher = {em Journal of Econometrics 136(2):},
pages = {341--396},
year = {2007}
}
@book{honore1992trimmed,
author = {{Bo~E Honor{\'e}}},
title = {{Trimmed lad and least squares estimation of truncated and censored regression models with fixed effects}},
publisher = {em Econometrica: journal of the Econometric Society pages},
pages = {533--565},
year = {1992}
}
@book{hu2008instrumental,
author = {{Yingyao Hu and Susanne~M Schennach}},
title = {{Instrumental variable treatment of nonclassical measurement error models}},
publisher = {em Econometrica 76(1):},
pages = {195--216},
year = {2008}
}
@book{hsiao2012panel,
author = {{Cheng Hsiao, H~Steve~Ching, and Shui Ki~Wan}},
title = {{A panel data approach for program evaluation: measuring the benefits of political and economic integration of hong kong with mainland china}},
publisher = {em Journal of Applied Econometrics 27(5):},
pages = {705--740},
year = {2012}
}
@book{hsiao2022analysis,
author = {{Cheng Hsiao}},
title = {{em Analysis of panel data}},
publisher = {Number~64 Cambridge university press},
year = {2022}
}
@book{honore2006bounds,
author = {{Bo~E Honor{\'e} and Elie Tamer}},
title = {{Bounds on parameters in panel dynamic discrete choice models}},
publisher = {em Econometrica 74(3):},
pages = {611--629},
year = {2006}
}
@book{imai2021use,
author = {{Kosuke Imai and In~Song Kim}},
title = {{On the use of two-way fixed effects regression models for causal inference with panel data}},
publisher = {em Political Analysis 29(3):},
pages = {405--415},
year = {2021}
}
@book{imbens2021controlling,
author = {{Guido Imbens, Nathan Kallus, and Xiaojie Mao}},
title = {{Controlling for unmeasured confounding in panel data using minimal bridge functions: From two-way fixed effects to factor models}},
publisher = {em arXiv preprint arXiv:2108.03849},
year = {2021}
}
@book{imai2021matching,
author = {{Kosuke Imai, In~Song Kim, and Erik~H Wang}},
title = {{Matching methods for causal inference with time-series cross-sectional data}},
publisher = {em American Journal of Political Science},
year = {2021}
}
@book{ibragimov2016inference,
author = {{Rustam Ibragimov and Ulrich~K M{\"u}ller}},
title = {{Inference with few heterogeneous clusters}},
publisher = {em Review of Economics and Statistics 98(1):},
pages = {83--96},
year = {2016}
}
@book{imbens2000,
author = {{Guido Imbens}},
title = {{The role of the propensity score in estimating dose--response functions}},
publisher = {em Biometrika 87(0):},
pages = {706--710},
year = {2000}
}
@book{imbens2004,
author = {{Guido Imbens}},
title = {{Nonparametric estimation of average treatment effects under exogeneity: A review}},
publisher = {em Review of Economics and Statistics pages},
pages = {1--29},
year = {2004}
}
@book{imbens2015causal,
author = {{Guido~W Imbens and Donald~B Rubin}},
title = {{em Causal Inference in Statistics, Social, and Biomedical Sciences}},
publisher = {Cambridge University Press},
year = {2015}
}
@book{imbensrubinsacerdote,
author = {{Guido~W Imbens, Donald~B Rubin, and Bruce~I Sacerdote}},
title = {{Estimating the effect of unearned income on labor earnings, savings, and consumption: Evidence from a survey of lottery players}},
publisher = {em American Economic Review pages},
pages = {778--794},
year = {2001}
}
@book{viviano,
author = {{Guido Imbens and Davide Viviano}},
title = {{Identification and inference for synthetic controls with confounding}},
year = {2023}
}
@book{imbens2024lalonde,
author = {{Guido Imbens and Yiqing Xu}},
title = {{Lalonde () after nearly four decades: Lessons learned}},
publisher = {em arXiv preprint arXiv:2406.00827},
year = {2024}
}
@book{jakiela2021simple,
author = {{Pamela Jakiela}},
title = {{Simple diagnostics for two-way fixed effects}},
publisher = {em arXiv preprint arXiv:2103.13229},
year = {2021}
}
@book{kallus2020role,
author = {{Nathan Kallus and Xiaojie Mao}},
title = {{On the role of surrogates in the efficient estimation of treatment effects with limited outcome data}},
publisher = {em arXiv preprint arXiv:.12408 2020},
year = {2003}
}
@book{kellogg2021combining,
author = {{Maxwell Kellogg, Magne Mogstad, Guillaume~A Pouliot, and Alexander Torgovitsky}},
title = {{Combining matching and synthetic control to tradeoff biases from extrapolation and interpolation}},
publisher = {em Journal of the American statistical association,116(536):},
pages = {1804--1816},
year = {2021}
}
@book{kuosmanen2021design,
author = {{Timo Kuosmanen, Xun Zhou, Juha Eskelinen, and Pekka Malo}},
title = {{Design flaw of the synthetic control method}},
year = {2021}
}
@book{lalonde1986evaluating,
author = {{Robert~J LaLonde}},
title = {{Evaluating the econometric evaluations of training programs with experimental data}},
publisher = {em The American economic review pages},
pages = {604--620},
year = {1986}
}
@book{lancaster2000incidental,
author = {{Tony Lancaster}},
title = {{The incidental parameter problem since }},
publisher = {em Journal of econometrics 95(2):},
pages = {391--413},
year = {2000}
}
@book{lei2021conformal,
author = {{Lihua Lei and Emmanuel~J Cand{\`e}s}},
title = {{Conformal inference of counterfactuals and individual treatment effects}},
publisher = {em Journal of the Royal Statistical Society Series B: StatisticalMethodology 83(5):},
pages = {911--938},
year = {2021}
}
@book{leung2023network,
author = {{Michael~P Leung}},
title = {{Network cluster-robust inference}},
publisher = {em Econometrica 91(2):},
pages = {641--667},
year = {2023}
}
@book{li2023frontiers,
author = {{Kathleen~T Li}},
title = {{Frontiers: A simple forward difference-in-differences method}},
publisher = {em Marketing Science},
year = {2023}
}
@book{lucas1976econometric,
author = {{Robert~E Lucas~Jr}},
title = {{Econometric policy evaluation: A critique}},
publisher = {In em Carnegie-Rochester conference series on public policy,volume~1 pages  North-Holland},
pages = {19--46},
year = {1976}
}
@book{liu2022practical,
author = {{Licheng Liu, Ye~Wang, and Yiqing Xu}},
title = {{A practical guide to counterfactual estimators for causal inference with time-series cross-sectional data}},
publisher = {em American Journal of Political Science},
year = {2022}
}
@book{lynch1984canonical,
author = {{James Lynch}},
title = {{Canonical row-column-exchangeable arrays}},
publisher = {em Journal of multivariate analysis 15(1):},
pages = {135--140},
year = {1984}
}
@book{liang1986longitudinal,
author = {{Kung-Yee Liang and Scott~L Zeger}},
title = {{Longitudinal data analysis using generalized linear models}},
publisher = {em Biometrika 73(1):},
pages = {13--22},
year = {1986}
}
@book{magnac2004panel,
author = {{Thierry Magnac}},
title = {{Panel binary variables and sufficiency: generalizing conditional logit}},
publisher = {em Econometrica 72(6):},
pages = {1859--1876},
year = {2004}
}
@book{manski1993,
author = {{Charles Manski}},
title = {{Identification of endogenous social effects: The reflection problem}},
publisher = {em Review of Economic Studies 60(3):},
pages = {531--542},
year = {1993}
}
@book{masini2021counterfactual,
author = {{Ricardo Masini and Marcelo~C Medeiros}},
title = {{Counterfactual analysis with artificial controls: Inference, high dimensions, and nonstationarity}},
publisher = {em Journal of the American Statistical Association,116(536):},
pages = {1773--1788},
year = {2021}
}
@book{masini2022counterfactual,
author = {{Ricardo Masini and Marcelo~C Medeiros}},
title = {{Counterfactual analysis and inference with nonstationary data}},
publisher = {em Journal of Business & Economic Statistics 40(1):},
pages = {227--239},
year = {2022}
}
@book{manski2018right,
author = {{Charles~F Manski and John~V Pepper}},
title = {{How do right-to-carry laws affect crime rates? coping with ambiguity using bounded-variation assumptions}},
publisher = {em Review of Economics and Statistics 100(2):},
pages = {232--244},
year = {2018}
}
@book{mugnier2022make,
author = {{Martin Mugnier}},
title = {{Make the difference! computationally trivial estimators for grouped fixed effects models}},
publisher = {em arXiv preprint arXiv:2203.08879},
year = {2022}
}
@book{mundlak1978pooling,
author = {{Yair Mundlak}},
title = {{On the pooling of time series and cross section data}},
publisher = {em Econometrica pages},
pages = {69--85},
year = {1978}
}
@book{murphy2003optimal,
author = {{Susan~A Murphy}},
title = {{Optimal dynamic treatment regimes}},
publisher = {em Journal of the Royal Statistical Society Series B: StatisticalMethodology 65(2):},
pages = {331--355},
year = {2003}
}
@book{meyer1995workers,
author = {{Bruce~D Meyer, W~Kip Viscusi, and David~L Durbin}},
title = {{Workers' compensation and injury duration: Evidence from a natural experiment}},
publisher = {em The American Economic Review 85(3):322},
year = {1995}
}
@book{moon2015linear,
author = {{Hyungsik~Roger Moon and Martin Weidner}},
title = {{Linear regression for panel with unknown number of factors as interactive fixed effects}},
publisher = {em Econometrica 83(4):},
pages = {1543--1579},
year = {2015}
}
@book{moon2018nuclear,
author = {{Hyungsik~Roger Moon and Martin Weidner}},
title = {{Nuclear norm regularized estimation of panel regression models}},
publisher = {em arXiv preprint arXiv:1810.10987},
year = {2018}
}
@book{McKay2023,
author = {{Alisdair McKay and Christian~K. Wolf}},
title = {{What can time‐series regressions tell us about policy counterfactuals?}},
publisher = {em Econometrica 91(5):1695–1725},
year = {2023}
}
@book{neyman1923,
author = {{Jerzey Neyman}},
title = {{On the application of probability theory to agricultural experiments. essay on principles. section 9}},
publisher = {em Statistical Science 5(4): /1990},
pages = {465--472},
year = {1923}
}
@book{nickell1981biases,
author = {{Stephen Nickell}},
title = {{Biases in dynamic models with fixed effects}},
publisher = {em Econometrica: Journal of the econometric society pages},
pages = {1417--1426},
year = {1981}
}
@book{neyman1948consistent,
author = {{Jerzy Neyman and Elizabeth~L Scott}},
title = {{Consistent estimates based on partially consistent observations}},
publisher = {em Econometrica: Journal of the Econometric Society pages},
pages = {1--32},
year = {1948}
}
@book{nakamura2018identification,
author = {{Emi Nakamura and J{\'o}n Steinsson}},
title = {{Identification in macroeconomics}},
publisher = {em Journal of Economic Perspectives 32(3):},
pages = {59--86},
year = {2018}
}
@book{pesaran2006estimation,
author = {M~{Hashem Pesaran}},
title = {{Estimation and inference in large heterogeneous panels with a multifactor error structure}},
publisher = {em Econometrica 74(4):},
pages = {967--1012},
year = {2006}
}
@book{plumper2007efficient,
author = {{Thomas Pl{\"u}mper and Vera~E Troeger}},
title = {{Efficient estimation of time-invariant and rarely changing variables in finite sample panel analyses with unit fixed effects}},
publisher = {em Political analysis 15(2):},
pages = {124--139},
year = {2007}
}
@book{robins2000marginal,
author = {{James~M Robins, Miguel~Angel Hernan, and Babette Brumback}},
title = {{Marginal structural models and causal inference in epidemiology}},
publisher = {em Epidemiology 11:},
pages = {550--560},
year = {2000}
}
@book{robins1986new,
author = {{James Robins}},
title = {{A new approach to causal inference in mortality studies with a sustained exposure period application to control of the healthy worker survivor effect}},
publisher = {em Mathematical modelling 7(9-12):},
pages = {1393--1512},
year = {1986}
}
@book{rosenbaum2002multiple,
author = {{Paul~R Rosenbaum}},
title = {{Multiple control groups}},
publisher = {em Observational Studies pages},
pages = {253--275},
year = {2002}
}
@book{rosenbaum2023causal,
author = {{Paul~R Rosenbaum}},
title = {{em Causal inference}},
publisher = {MIT Press},
year = {2023}
}
@book{rosenbaum1983central,
author = {{Paul~R Rosenbaum and Donald~B Rubin}},
title = {{The central role of the propensity score in observational studies for causal effects}},
publisher = {em Biometrika 70(1):},
pages = {41--55},
year = {1983}
}
@book{rambachan2020design,
author = {{Ashesh Rambachan and Jonathan Roth}},
title = {{Design-based uncertainty for quasi-experiments}},
publisher = {em arXiv preprint arXiv:.00602 2020},
year = {2008}
}
@book{rambachan2023more,
author = {{Ashesh Rambachan and Jonathan Roth}},
title = {{A more credible approach to parallel trends}},
publisher = {em Review of Economic Studies page rdad018},
year = {2023}
}
@book{roth2023parallel,
author = {{Jonathan Roth and Pedro~HC Sant'Anna}},
title = {{When is parallel trends sensitive to functional form?}},
publisher = {em Econometrica 91(2):},
pages = {737--747},
year = {2023}
}
@book{roth2023s,
author = {{Jonathan Roth, Pedro~HC Sant’Anna, Alyssa Bilinski, and John Poe}},
title = {{What’s trending in difference-in-differences? a synthesis of the recent econometrics literature}},
publisher = {em Journal of Econometrics},
year = {2023}
}
@book{rubin1974estimating,
author = {{Donald~B Rubin}},
title = {{Estimating causal effects of treatments in randomized and nonrandomized studies}},
publisher = {em Journal of educational Psychology 66(5):688},
year = {1974}
}
@book{rubin1978bayesian,
author = {{Donald~B Rubin}},
title = {{Bayesian inference for causal effects: The role of randomization}},
publisher = {em The Annals of statistics pages},
pages = {34--58},
year = {1978}
}
@book{sun2020estimating,
author = {{Liyang Sun and Sarah Abraham}},
title = {{Estimating dynamic treatment effects in event studies with heterogeneous treatment effects}},
publisher = {em Journal of Econometrics},
year = {2020}
}
@book{shen2022tale,
author = {{Dennis Shen, Peng Ding, Jasjeet Sekhon, and Bin Yu}},
title = {{A tale of two panel data regressions}},
publisher = {em arXiv preprint arXiv:2207.14481},
year = {2022}
}
@book{spiess2023double,
author = {{Jann Spiess, Guido Imbens, and Amar Venugopal}},
title = {{Double and single descent in causal inference with an application to high-dimensional synthetic control}},
publisher = {em arXiv preprint arXiv:2305.00700},
year = {2023}
}
@book{shi2020multiply,
author = {{Xu~{Shi}, Wang {Miao}, Jennifer~C. {Nelson}, and Eric J.~Tchetgen {Tchetgen}}},
title = {{Multiply robust causal inference with double‐negative control adjustment for categorical unmeasured confounding}},
publisher = {em Journal of The Royal Statistical Society Series B-statisticalMethodology 82(2):},
pages = {521--540},
year = {2020}
}
@book{sofer2016negative,
author = {{Tamar Sofer, David~B Richardson, Elena Colicino, Joel Schwartz, and Eric J~Tchetgen Tchetgen}},
title = {{On negative outcome control of unobserved confounding as a generalization of difference-in-differences}},
publisher = {em Statistical science: a review journal of the Institute ofMathematical Statistics 31(3):348},
year = {2016}
}
@book{samartsidis2019assessing,
author = {{Pantelis Samartsidis, Shaun~R Seaman, Anne~M Presanis, Matthew Hickman, and Daniela De~Angelis}},
title = {{Assessing the causal effect of binary interventions from observational panel data with few treated units}},
publisher = {em Statistical Science 34(3):},
pages = {486--503},
year = {2019}
}
@book{shaikh2021randomization,
author = {{Azeem~M Shaikh and Panos Toulis}},
title = {{Randomization tests in observational studies with staggered adoption of treatment}},
publisher = {em Journal of the American Statistical Association,116(536):},
pages = {1835--1848},
year = {2021}
}
@book{stock1998diffusion,
author = {{James~H Stock and Mark~W Watson}},
title = {{}},
publisher = {Diffusion indexes},
year = {1998}
}
@book{sant2020doubly,
author = {{Pedro~HC Sant’Anna and Jun Zhao}},
title = {{Doubly robust difference-in-differences estimators}},
publisher = {em Journal of Econometrics 219(1):},
pages = {101--122},
year = {2020}
}
@book{viviano2021dynamic,
author = {{Davide Viviano and Jelena Bradic}},
title = {{Dynamic covariate balancing: estimating treatment effects over time}},
publisher = {em arXiv preprint arXiv:2103.01280},
year = {2021}
}
@book{viviano2023synthetic,
author = {{Davide Viviano and Jelena Bradic}},
title = {{Synthetic learner: model-free inference on treatments over time}},
publisher = {em Journal of Econometrics 234(2):},
pages = {691--713},
year = {2023}
}
@book{vogelsang2012heteroskedasticity,
author = {{Timothy~J Vogelsang}},
title = {{Heteroskedasticity, autocorrelation, and spatial correlation robust inference in linear panel models with fixed-effects}},
publisher = {em Journal of Econometrics 166(2):},
pages = {303--319},
year = {2012}
}
@book{wolf2023missing,
author = {{Christian~K Wolf}},
title = {{The missing intercept: A demand equivalence approach}},
publisher = {em American Economic Review 113(8):},
pages = {2232--2269},
year = {2023}
}
@book{wooldridge2010econometric,
author = {J.M. {Wooldridge}},
title = {{em Econometric Analysis of Cross Section and Panel Data}},
publisher = {The MIT Press MIT Press},
year = {2010}
}
@book{wooldridge2021two,
author = {{Jeffrey~M Wooldridge}},
title = {{Two-way fixed effects, the two-way mundlak regression, and difference-in-differences estimators}},
publisher = {em Available at SSRN 3906345},
year = {2021}
}
@book{wooldridge2022simple,
author = {{Jeffrey~M Wooldridge}},
title = {{Simple approaches to nonlinear difference-in-differences with panel data}},
publisher = {em Available at SSRN 4183726},
year = {2022}
}
@book{xiong2019optimal,
author = {{Ruoxuan Xiong, Susan Athey, Mohsen Bayati, and Guido Imbens}},
title = {{Optimal experimental design for staggered rollouts}},
publisher = {em arXiv preprint arXiv:.03764 2019},
year = {1911}
}
@book{xu2017generalized,
author = {{Yiqing Xu}},
title = {{Generalized synthetic control method: Causal inference with interactive fixed effects models}},
publisher = {em Political Analysis 25(1):},
pages = {57--76},
year = {2017}
}
@book{xu2023causal,
author = {{Yiqing Xu}},
title = {{Causal inference with time-series cross-sectional data: a reflection}},
publisher = {em Available at SSRN 3979613},
year = {2023}
}
@book{ying2021proximal,
author = {{Andrew Ying, Wang Miao, Xu~Shi, and Eric J~Tchetgen Tchetgen}},
title = {{Proximal causal inference for complex longitudinal studies}},
publisher = {em arXiv preprint arXiv:2109.07030},
year = {2021}
}

